@article{Brill_2023,
url = {https://doi.org/10.1515/jqas-2022-0116},
title = {A Bayesian analysis of the time through the order penalty in baseball},
title = {},
author = {Ryan S. Brill and Sameer K. Deshpande and Abraham J. Wyner},
pages = {245--262},
volume = {19},
number = {4},
journal = {Journal of Quantitative Analysis in Sports},
doi = {doi:10.1515/jqas-2022-0116},
year = {2023},
lastchecked = {2023-12-06}
}